@ARTICLE{eventident,
AUTHOR="Hila Becker, Mor Naaman, Luis Gravano",
TITLE="Beyond Trending Topics: Real-World Event Identiﬁcation on Twitter",
JOURNAL="Proceedings of the Fifth International AAAI Conference on Weblogs and Social Media",
PAGES= "440--441",
YEAR=2011,
PUBLISHER = "Department of Computer Science, Columbia University"
}

@ARTICLE{userclasst,
AUTHOR="Marco Pennacchiotti, Ana-Maria Popescu",
TITLE="Democrats, Republicans and Starbucks Afﬁcionados: User Classiﬁcation in Twitter",
JOURNAL=" Proceedings of the 17th ACM SIGKDD international conference on Knowledge discovery and data mining",
PAGES="430--438",
YEAR=2011,
PUBLISHER = "ACM New York"
}

@ARTICLE{usermachine,
AUTHOR="Marco Pennacchiotti, Ana-Maria Popescu",
TITLE="A Machine Learning Approach to Twitter User Classiﬁcation",
JOURNAL=" Proceedings of the Fifth International AAAI Conference on Weblogs and Social Media",
PAGES="481--288",
YEAR=2011,
PUBLISHER = "The AAAI Press"
}

@ARTICLE{usermodel,
AUTHOR="Fabian Abel, Qi Gao, Geert-Jan Houben, Ke Tao",
TITLE="Analyzing User Modeling on Twitter for
Personalized News Recommendations",
YEAR=2011,
PAGES = "1--12",
JOURNAL = "Proceedings of the 19th UMAP International Conference",
PUBLISHER = "Springer Berlin Heidelberg"
}

@ARTICLE{pol,
AUTHOR="Aibek Makazhanov, Davood Raﬁei",
TITLE="Predicting Political Preference of Twitter Users",
JOURNAL="The 2013 IEEE/ACM International Conference on Advances in Social Networks Analysis and Mining",
YEAR=2013,
PAGES = "192 -- 199"
PUBLISHER = "ACM"
}

@ARTICLE{eventalign,
AUTHOR="Matthew Rowe, Milan Stankovic",
TITLE="Aligning Tweets with Events: Automation via
Semantics",
JOURNAL="Semantic Web journal 1 (2009) 1–5",
PAGES= "1--5",
YEAR=2009,
PUBLISHER ="IOS Press"
}

@ARTICLE{earthq,
AUTHOR="Takeshi Sakaki, Makoto Okazaki, Yutaka Matsuo",
TITLE="Earthquake Shakes Twitter Users: Real-time Event Detection by Social Sensors",
JOURNAL=" Proceedings of the Nineteenth International WWW Conference (WWW2010)",
YEAR=2010,
PAGES = "851--860",
PUBLISHER = "ACM"
}


@ARTICLE{newsmedia,
AUTHOR="Haewoon Kwak, Changhyun Lee, Hosung Park, Sue Moon",
TITLE="What is Twitter, a Social Network or a News Media?",
JOURNAL="Proceedings of the Nineteenth International WWW Conference (WWW2010)",
YEAR=2010,
PAGES = "591--600",
PUBLISHER = "ACM"
}

@ARTICLE{sentAnalysis,
AUTHOR="Hassan Saif, Yulan He and Harith Alani",
TITLE="Semantic Sentiment Analysis of Twitter
",
JOURNAL="The Semantic Web - ISWC 2012",
YEAR=2012,
PUBLISHER = "ACM",
PAGES = "508-524 "
}

@ARTICLE{enrichmentForProfiling,
AUTHOR="Fabian Abel, Qi Gao, Geert-Jan Houben, Ke Tao",
TITLE="Semantic Enrichment of Twitter Posts for User Profile Construction on the Social Web",
JOURNAL="The Semantic Web: Research and Applications",
YEAR=2011,
PAGES = "375--389",
PUBLISHER = "Springer-Verlag Berlin"
}

@ARTICLE{bayes,
AUTHOR="Sang-Bum Kim, Kyoung-Soo Han, Hae-Chang Rim, Sung Hyon Myaeng",
TITLE="Some Effective Techniques for Naive Bayes Text Classification",
JOURNAL="IEEE Transactions on Knowledge and Data Engineering",
YEAR=2006,
PAGES = "1457 -- 1466",
PUBLISHER = "IEEE Computer Society"
}

@ARTICLE{machineLearning,
AUTHOR="Bo Pang, Lillian Lee, Shivakumar Vaithyanathan",
TITLE="Thumbs up? Sentiment Classification using Machine Learning Techniques",
JOURNAL="Proceedings of the Conference on Empirical Methods in Natural Language Processing",
YEAR=2002,
PAGES = "79--86",
PUBLISHER = "Association for Computational Linguistics "
}

@ARTICLE{twitterSentiment,
AUTHOR="Alexander Pak, Patrick Paroubek",
TITLE="Twitter as a Corpus for Sentiment Analysis and Opinion Mining",
JOURNAL="Language Resources and Evaluation Conference",
YEAR=2010,
PUBLISHER = "European Language Resources Association (ELRA)",
PAGES = "111--115"
}

@ARTICLE{moodLens,
AUTHOR="Jichang Zhao, Li Dong, Junjie Wu, Ke Xu",
TITLE="Twitter as a Corpus for Sentiment Analysis and Opinion Mining",
JOURNAL="Proceedings of the 18th ACM SIGKDD international conference on Knowledge discovery and data mining",
YEAR=2012,
PUBLISHER = "European Language Resources Association (ELRA)",
PAGES = "1807--1812"
}

@ARTICLE{tfidf,
AUTHOR="Stephen Robertson",
TITLE="Understanding Inverse Document Frequency",
JOURNAL="Journal of documentation",
YEAR=2004,
PUBLISHER = "emeraldgroup",
PAGES = " 503–-520"
}

@ARTICLE{EntityRecognition,
author = {Tjong Kim Sang, Erik F., De Meulder, Fien},
title = {Introduction to the CoNLL-2003 Shared Task: Language-independent Named Entity Recognition},
JOURNAL = {Proceedings of the Seventh Conference on Natural Language Learning at HLT-NAACL 2003 - Volume 4},
YEAR = 2003,
PUBLISHER =  {Association for Computational Linguistics},
PAGES = {142-147}
}
@ARTICLE{ClassifierCombination,
AUTHOR="Radu Florian, Abe Ittycheriah, Hongyan Jing, Tong Zhang",
TITLE="Named Entity Recognition through Classiﬁer Combination",
JOURNAL="Proceedings of the seventh Conference on Natural Language Learning at HLT-NAACL 2003 - Volume 4",
YEAR = 2003,
PUBLISHER = "Association for Computational Linguistics",
PAGES = " 168--171"
}

@ARTICLE{AdaptiveSearch,
AUTHOR="Fabian Abel, Ilknur Celik, Geert-Jan Houben, Patrick Siehndel",
TITLE="Leveraging the Semantics of Tweets for
Adaptive Faceted Search on Twitter",
JOURNAL="The Semantic Web - ISWC 2011",
YEAR = 2011,
PUBLISHER = "Springer-Verlag Berlin",
PAGES = " 1--17
"
}

@ARTICLE{TwitterDev,
TITLE="Twitter for developers",
howpublished = "\url{https://dev.twitter.com/}"
}

@ARTICLE{TagBased,
AUTHOR="Jonathan Gemmell, Thomas Schimoler, Bamshad Mobasher, and Robin Burke",
TITLE="Tag-Based Resource Recommendation in Social Annotation Applications",
JOURNAL="Conference for User Modeling, Adaptation and Personalisation - UMAP 2011",
YEAR = 2011,
PUBLISHER = "Springer-Verlag Berlin",
PAGES = " 111--122"
}




 - - 

